%% This BibTeX bibliography file was created using BibDesk.
%% http://bibdesk.sourceforge.net/

%% Created for Natalie Cooper at 2021-05-14 13:50:45 +0100 


%% Saved with string encoding Unicode (UTF-8) 



@article{lepidosaurdata,
	author = {Isip, Justin E and Jones, Marc EH and Cooper, Natalie},
	date-added = {2021-05-14 13:49:23 +0100},
	date-modified = {2021-05-14 13:50:45 +0100},
	journal = {Natural History Museum Data Portal (data.nhm.ac.uk). https://doi.org/10.5519/dkrhpxjh},
	title = {Dataset: Lepidosaur bite force data. },
	year = {2021}}

@article{vanhooydonck2005does,
	author = {Vanhooydonck, B and Herrel, AY and Van Damme, R and Irschick, DJ},
	journal = {Functional Ecology},
	number = {1},
	pages = {38--42},
	publisher = {Wiley Online Library},
	title = {Does dewlap size predict male bite performance in Jamaican \textit{Anolis} lizards?},
	volume = {19},
	year = {2005}}

@article{Herrel2008,
	author = {Herrel, Anthony and Huyghe, Katleen and Vanhooydonck, Bieke and Backeljau, Thierry and Breugelmans, Karin and Grbac, Irena and Van Damme, Raoul and Irschick, Duncan J.},
	doi = {10.1073/pnas.0711998105},
	journal = {Proceedings of the National Academy of Sciences},
	number = {12},
	pages = {4792--4795},
	publisher = {National Academy of Sciences},
	title = {Rapid large-scale evolutionary divergence in morphology and performance associated with exploitation of a different dietary resource},
	volume = {105},
	year = {2008},
	Bdsk-Url-1 = {https://doi.org/10.1073/pnas.0711998105}}

@article{baeckens2017fossorial,
	author = {Baeckens, S and Garc{\'\i}a-Roa, Roberto and Mart{\'\i}n, J and Ortega, Jes{\'u}s and Huyghe, K and Van Damme, R},
	journal = {Journal of Zoology},
	number = {3},
	pages = {193--205},
	publisher = {Wiley Online Library},
	title = {Fossorial and durophagous: implications of molluscivory for head size and bite capacity in a burrowing worm lizard},
	volume = {301},
	year = {2017}}

@article{iverson1980colic,
	author = {Iverson, John B},
	journal = {Journal of Morphology},
	number = {1},
	pages = {79--93},
	publisher = {Wiley Online Library},
	title = {Colic modifications in iguanine lizards},
	volume = {163},
	year = {1980}}

@article{espinoza2004recurrent,
	author = {Espinoza, Robert E and Wiens, John J and Tracy, C Richard},
	journal = {Proceedings of the National Academy of Sciences},
	number = {48},
	pages = {16819--16824},
	publisher = {National Acad Sciences},
	title = {Recurrent evolution of herbivory in small, cold-climate lizards: breaking the ecophysiological rules of reptilian herbivory},
	volume = {101},
	year = {2004}}

@article{navas2004morphological,
	author = {Navas, Carlos A and Antoniazzi, Marta M and Carvalho, Jos{\'e} Eduardo and Chaui-Berlink, Jos{\'e} Guilherme and James, Rob S and Jared, Carlos and Kohlsdorf, Tiana and Dal Pai-Silva, Maeli and Wilson, Robbie S},
	journal = {Journal of Experimental Biology},
	number = {14},
	pages = {2433--2441},
	publisher = {The Company of Biologists Ltd},
	title = {Morphological and physiological specialization for digging in amphisbaenians, an ancient lineage of fossorial vertebrates},
	volume = {207},
	year = {2004}}

@article{le2020trade,
	author = {{Le Guilloux}, Margot and Miralles, Aur{\'e}lien and Measey, John and Vanhooydonck, Bieke and O?Reilly, James C and Lowie, Aur{\'e}lien and Herrel, Anthony},
	journal = {Biological Journal of the Linnean Society},
	number = {2},
	pages = {310--319},
	publisher = {Oxford University Press UK},
	title = {Trade-offs between burrowing and biting force in fossorial scincid lizards?},
	volume = {130},
	year = {2020}}

@article{vanhooydonck2011push,
	author = {Vanhooydonck, Bieke and Boistel, Renaud and Fernandez, Vincent and Herrel, Anthony},
	journal = {Biological Journal of the Linnean Society},
	number = {1},
	pages = {91--99},
	publisher = {Oxford University Press},
	title = {Push and bite: trade-offs between burrowing and biting in a burrowing skink (\textit{Acontias percivali})},
	volume = {102},
	year = {2011}}

@article{kaliontzopoulou2012relationships,
	author = {Kaliontzopoulou, Antigoni and Adams, Dean C and van der Meijden, Arie and Perera, Ana and Carretero, Miguel A},
	date-added = {2021-05-12 19:00:07 +0100},
	date-modified = {2021-05-12 19:00:07 +0100},
	journal = {Evolutionary Ecology},
	number = {4},
	pages = {825--845},
	publisher = {Springer},
	title = {Relationships between head morphology, bite performance and ecology in two species of \textit{Podarcis} wall lizards},
	volume = {26},
	year = {2012}}

@article{jenkins2020bite,
	author = {Jenkins, Kelsey M and Shaw, Jack O},
	date-added = {2021-05-12 18:55:47 +0100},
	date-modified = {2021-05-12 18:55:47 +0100},
	journal = {PeerJ},
	pages = {e9468},
	publisher = {PeerJ Inc.},
	title = {Bite force data suggests relationship between acrodont tooth implantation and strong bite force},
	volume = {8},
	year = {2020}}

@article{whiteside1986head,
	author = {Whiteside, DI},
	date-added = {2021-05-12 18:54:44 +0100},
	date-modified = {2021-05-12 18:54:44 +0100},
	journal = {Philosophical Transactions of the Royal Society of London. B, Biological Sciences},
	number = {1156},
	pages = {379--430},
	publisher = {The Royal Society London},
	title = {The head skeleton of the Rhaetian sphenodontid \emph{Diphydontosaurus avonis} gen. et sp. nov. and the modernizing of a living fossil},
	volume = {312},
	year = {1986}}

@article{fraser1983ecology,
	author = {Fraser, NC and Walkden, GM},
	date-added = {2021-05-12 18:54:11 +0100},
	date-modified = {2021-05-12 18:54:11 +0100},
	journal = {Palaeogeography, Palaeoclimatology, Palaeoecology},
	number = {3-4},
	pages = {341--365},
	publisher = {Elsevier},
	title = {The ecology of a Late Triassic reptile assemblage from Gloucestershire, England},
	volume = {42},
	year = {1983}}

@article{lappin2006gapingA,
	author = {Lappin, A Kristopher and Brandt, Yoni and Husak, Jerry F and Macedonia, Joseph M and Kemp, Darrell J},
	date-added = {2021-05-12 16:42:46 +0100},
	date-modified = {2021-05-12 16:42:53 +0100},
	journal = {The American Naturalist},
	number = {1},
	pages = {100--113},
	publisher = {The University of Chicago Press},
	title = {Gaping displays reveal and amplify a mechanically based index of weapon performance},
	volume = {168},
	year = {2006}}

@article{jones2009bite,
	author = {Jones, Marc EH and Lappin, A Kristopher},
	date-added = {2021-05-12 16:41:25 +0100},
	date-modified = {2021-05-12 16:41:25 +0100},
	journal = {Journal of the Royal Society of New Zealand},
	number = {2-3},
	pages = {71--83},
	publisher = {Taylor \& Francis},
	title = {Bite-force performance of the last rhynchocephalian (Lepidosauria: \textit{Sphenodon})},
	volume = {39},
	year = {2009}}

@article{vzagar2017towards,
	author = {{\v{Z}}agar, Anamarija and Carretero, Miguel A and Vrezec, Al and Dra{\v{s}}ler, Katarina and Kaliontzopoulou, Antigoni},
	date-added = {2021-05-12 15:52:50 +0100},
	date-modified = {2021-05-12 15:52:50 +0100},
	journal = {Functional Ecology},
	number = {9},
	pages = {1780--1791},
	publisher = {Wiley Online Library},
	title = {Towards a functional understanding of species coexistence: ecomorphological variation in relation to whole-organism performance in two sympatric lizards},
	volume = {31},
	year = {2017}}

@article{yu2017ggtree,
	author = {Yu, Guangchuang and Smith, David K and Zhu, Huachen and Guan, Yi and Lam, Tommy Tsan-Yuk},
	date-added = {2021-05-12 15:52:13 +0100},
	date-modified = {2021-05-12 15:52:13 +0100},
	journal = {Methods in Ecology and Evolution},
	number = {1},
	pages = {28--36},
	publisher = {Wiley Online Library},
	title = {ggtree: an R package for visualization and annotation of phylogenetic trees with their covariates and other associated data},
	volume = {8},
	year = {2017}}

@article{wright2015came,
	author = {Wright, April M and Lyons, Kathleen M and Brandley, Matthew C and Hillis, David M},
	date-added = {2021-05-12 15:51:56 +0100},
	date-modified = {2021-05-12 15:51:56 +0100},
	journal = {Journal of Experimental Zoology Part B: Molecular and Developmental Evolution},
	number = {6},
	pages = {504--516},
	publisher = {Wiley Online Library},
	title = {Which came first: the lizard or the egg? Robustness in phylogenetic reconstruction of ancestral states},
	volume = {324},
	year = {2015}}

@article{wickham2019welcome,
	author = {Wickham, Hadley and Averick, Mara and Bryan, Jennifer and Chang, Winston and McGowan, Lucy D'Agostino and Fran{\c{c}}ois, Romain and Grolemund, Garrett and Hayes, Alex and Henry, Lionel and Hester, Jim and others},
	date-added = {2021-05-12 15:50:53 +0100},
	date-modified = {2021-05-12 15:51:19 +0100},
	journal = {Journal of Open Source Software},
	number = {43},
	pages = {1686},
	title = {Welcome to the tidyverse},
	volume = {4},
	year = {2019}}

@article{wickham2011ggplot2,
	author = {Wickham, Hadley},
	date-added = {2021-05-12 15:50:28 +0100},
	date-modified = {2021-05-12 15:50:28 +0100},
	journal = {Wiley Interdisciplinary Reviews: Computational Statistics},
	number = {2},
	pages = {180--185},
	publisher = {Wiley Online Library},
	title = {ggplot2},
	volume = {3},
	year = {2011}}

@article{wiens2006does,
	author = {Wiens, John J and Brandley, Matthew C and Reeder, Tod W},
	date-added = {2021-05-12 15:50:11 +0100},
	date-modified = {2021-05-12 15:50:11 +0100},
	journal = {Evolution},
	number = {1},
	pages = {123--141},
	publisher = {Wiley Online Library},
	title = {Why does a trait evolve multiple times within a clade? Repeated evolution of snakeline body form in squamate reptiles},
	volume = {60},
	year = {2006}}

@article{watanabe2019ecomorphological,
	author = {Watanabe, Akinobu and Fabre, Anne-Claire and Felice, Ryan N and Maisano, Jessica A and M{\"u}ller, Johannes and Herrel, Anthony and Goswami, Anjali},
	date-added = {2021-05-12 15:49:50 +0100},
	date-modified = {2021-05-12 15:49:50 +0100},
	journal = {Proceedings of the National Academy of Sciences},
	number = {29},
	pages = {14688--14697},
	publisher = {National Acad Sciences},
	title = {Ecomorphological diversification in squamates from conserved pattern of cranial integration},
	volume = {116},
	year = {2019}}

@article{vitt2003history,
	author = {Vitt, Laurie J and Pianka, Eric R and Cooper Jr, William E and Schwenk, Kurt},
	date-added = {2021-05-12 15:49:32 +0100},
	date-modified = {2021-05-12 15:49:32 +0100},
	journal = {The American Naturalist},
	number = {1},
	pages = {44--60},
	publisher = {The University of Chicago Press},
	title = {History and the global ecology of squamate reptiles},
	volume = {162},
	year = {2003}}

@article{verwaijen2002relationships,
	author = {Verwaijen, D and Van Damme, R and Herrel, A},
	date-added = {2021-05-12 15:49:14 +0100},
	date-modified = {2021-05-12 15:49:14 +0100},
	journal = {Functional Ecology},
	number = {6},
	pages = {842--850},
	publisher = {Wiley Online Library},
	title = {Relationships between head size, bite force, prey handling efficiency and diet in two sympatric lacertid lizards},
	volume = {16},
	year = {2002}}

@article{uetz2020reptile,
	author = {Uetz, P and Freed, P and Ho{\v{s}}ek, J (eds.)},
	date-added = {2021-05-12 15:47:55 +0100},
	date-modified = {2021-05-13 10:47:49 +0100},
	journal = {Available from: http://www.reptile-database.org. (accessed 1st December 2020)},
	title = {The Reptile Database},
	year = {2020}}

@article{taverne2020proximate,
	author = {Taverne, Maxime and King-Gillies, Nina and Krajnovi{\'c}, Maria and Lisi{\v{c}}i{\'c}, Duje and Mira, {\'O}scar and Petricioli, Donat and Saboli{\'c}, Iva and {\v{S}}tambuk, Anamaria and Tadi{\'c}, Zoran and Vigliotti, Chlo{\'e} and others},
	date-added = {2021-05-12 15:47:24 +0100},
	date-modified = {2021-05-12 15:47:24 +0100},
	journal = {Biological Journal of the Linnean Society},
	number = {1},
	pages = {88--108},
	publisher = {Oxford University Press UK},
	title = {Proximate and ultimate drivers of variation in bite force in the insular lizards \textit{Podarcis melisellensis} and \textit{Podarcis sicula}},
	volume = {131},
	year = {2020}}

@article{strait1997tooth,
	author = {Strait, Suzanne G},
	date-added = {2021-05-12 15:46:49 +0100},
	date-modified = {2021-05-12 15:47:02 +0100},
	journal = {Evolutionary Anthropology: Issues, News, and Reviews},
	number = {6},
	pages = {199--211},
	publisher = {Wiley Online Library},
	title = {Tooth use and the physical properties of food},
	volume = {5},
	year = {1997}}

@article{smith1958evolutionary,
	author = {Smith, Hobart M},
	date-added = {2021-05-12 15:46:07 +0100},
	date-modified = {2021-05-12 15:46:07 +0100},
	journal = {Transactions of the Kansas Academy of Science (1903-)},
	number = {2},
	pages = {216--225},
	publisher = {JSTOR},
	title = {Evolutionary lines in tooth attachment and replacement in reptiles: their possible significance in mammalian dentition},
	volume = {61},
	year = {1958}}

@article{sellers2017ontogeny,
	author = {Sellers, Kaleb C and Middleton, Kevin M and Davis, Julian L and Holliday, Casey M},
	date-added = {2021-05-12 15:45:53 +0100},
	date-modified = {2021-05-12 15:45:53 +0100},
	journal = {Journal of Experimental Biology},
	number = {11},
	pages = {2036--2046},
	publisher = {The Company of Biologists Ltd},
	title = {Ontogeny of bite force in a validated biomechanical model of the American alligator},
	volume = {220},
	year = {2017}}

@article{schaerlaeken2012built,
	author = {Schaerlaeken, Vicky and Holanova, Veronika and Boistel, R and Aerts, Peter and Velensky, Petr and Rehak, Ivan and Andrade, Denis V and Herrel, Anthony},
	date-added = {2021-05-12 15:45:37 +0100},
	date-modified = {2021-05-12 15:45:37 +0100},
	journal = {Journal of Experimental Zoology Part A: Ecological Genetics and Physiology},
	number = {6},
	pages = {371--381},
	publisher = {Wiley Online Library},
	title = {Built to bite: feeding kinematics, bite forces, and head shape of a specialized durophagous lizard, \textit{Dracaena guianensis} (Teiidae)},
	volume = {317},
	year = {2012}}

@article{santana2010mechanics,
	author = {Santana, Sharlene E and Dumont, Elizabeth R and Davis, Julian L},
	date-added = {2021-05-12 15:45:21 +0100},
	date-modified = {2021-05-12 15:45:21 +0100},
	journal = {Functional Ecology},
	number = {4},
	pages = {776--784},
	publisher = {Wiley Online Library},
	title = {Mechanics of bite force production and its relationship to diet in bats},
	volume = {24},
	year = {2010}}

@article{sagonas2014insularity,
	author = {Sagonas, Kostas and Pafilis, Panayiotis and Lymberakis, Petros and Donihue, Colin M and Herrel, Anthony and Valakos, Efstratios D},
	date-added = {2021-05-12 15:45:04 +0100},
	date-modified = {2021-05-12 15:45:04 +0100},
	journal = {Biological Journal of the Linnean Society},
	number = {3},
	pages = {469--484},
	publisher = {Oxford University Press},
	title = {Insularity affects head morphology, bite force and diet in a Mediterranean lizard},
	volume = {112},
	year = {2014}}

@article{revell2012phytools,
	author = {Revell, Liam J},
	date-added = {2021-05-12 15:43:57 +0100},
	date-modified = {2021-05-12 15:43:57 +0100},
	journal = {Methods in Ecology and Evolution},
	number = {2},
	pages = {217--223},
	publisher = {Wiley Online Library},
	title = {phytools: an R package for phylogenetic comparative biology (and other things)},
	volume = {3},
	year = {2012}}

@misc{orme2018caper,
	author = {Orme, D and Freckleton, R and Thomas, G and Petzoldt, T and Fritz, Susanne A and Isaac, N and Pearse, W},
	date-added = {2021-05-12 15:43:42 +0100},
	date-modified = {2021-05-12 15:43:42 +0100},
	title = {Caper: Comparative Analyses of Phylogenetics and Evolution in R (Version R package version 1.0. 1)},
	year = {2018}}

@article{olsen2017feeding,
	author = {Olsen, Aaron M},
	date-added = {2021-05-12 15:43:21 +0100},
	date-modified = {2021-05-12 15:43:21 +0100},
	journal = {Functional Ecology},
	number = {10},
	pages = {1985--1995},
	publisher = {Wiley Online Library},
	title = {Feeding ecology is the primary driver of beak shape diversification in waterfowl},
	volume = {31},
	year = {2017}}

@article{montuelle2015vivo,
	author = {Montuelle, St{\'e}phane J and Williams, Susan H},
	date-added = {2021-05-12 15:42:48 +0100},
	date-modified = {2021-05-12 15:43:20 +0100},
	journal = {PLoS ONE},
	number = {7},
	pages = {e0134710},
	publisher = {Public Library of Science},
	title = {\textit{In vivo} measurement of mesokinesis in \textit{Gekko gecko}: the role of cranial kinesis during gape display, feeding and biting},
	volume = {10},
	year = {2015}}

@article{metzger2005correlations,
	author = {Metzger, Keith A and Herrel, Anthony},
	date-added = {2021-05-12 15:42:11 +0100},
	date-modified = {2021-05-12 15:42:11 +0100},
	journal = {Biological Journal of the Linnean Society},
	number = {4},
	pages = {433--466},
	publisher = {Oxford University Press},
	title = {Correlations between lizard cranial shape and diet: a quantitative, phylogenetically informed analysis},
	volume = {86},
	year = {2005}}

@article{meiri2018traits,
	author = {Meiri, Shai},
	date-added = {2021-05-12 15:41:53 +0100},
	date-modified = {2021-05-12 15:41:53 +0100},
	journal = {Global Ecology and Biogeography},
	number = {10},
	pages = {1168--1172},
	publisher = {Wiley Online Library},
	title = {Traits of lizards of the world: Variation around a successful evolutionary design},
	volume = {27},
	year = {2018}}

@article{MEASEY2009217,
	author = {G. John Measey and Kevin Hopkins and Krystal A. Tolley},
	date-added = {2021-05-12 15:39:15 +0100},
	date-modified = {2021-05-12 15:39:15 +0100},
	doi = {https://doi.org/10.1016/j.zool.2008.09.005},
	issn = {0944-2006},
	journal = {Zoology},
	keywords = {Adaptive radiation, , Combat, Conspecific signaling, Bite force},
	number = {3},
	pages = {217-226},
	title = {Morphology, ornaments and performance in two chameleon ecomorphs: is the casque bigger than the bite?},
	url = {https://www.sciencedirect.com/science/article/pii/S0944200609000051},
	volume = {112},
	year = {2009},
	Bdsk-Url-1 = {https://www.sciencedirect.com/science/article/pii/S0944200609000051},
	Bdsk-Url-2 = {https://doi.org/10.1016/j.zool.2008.09.005}}

@article{mcbrayer2002prey,
	author = {McBrayer, Lance D and Reilly, Stephen M},
	date-added = {2021-05-12 15:32:54 +0100},
	date-modified = {2021-05-12 15:32:54 +0100},
	journal = {Canadian Journal of Zoology},
	number = {5},
	pages = {882--892},
	publisher = {NRC Research Press Ottawa, Canada},
	title = {Prey processing in lizards: behavioral variation in sit-and-wait and widely foraging taxa},
	volume = {80},
	year = {2002}}

@article{marshall2012ontogenetic,
	author = {Marshall, Christopher D and Guzman, Alejandra and Narazaki, Tomoko and Sato, Katsufumi and Kane, Emily A and Sterba-Boatwright, Blair D},
	date-added = {2021-05-12 15:32:36 +0100},
	date-modified = {2021-05-12 15:32:36 +0100},
	journal = {Journal of Experimental Biology},
	number = {23},
	pages = {4166--4174},
	publisher = {The Company of Biologists Ltd},
	title = {The ontogenetic scaling of bite force and head size in loggerhead sea turtles (\textit{Caretta caretta}): implications for durophagy in neritic, benthic habitats},
	volume = {215},
	year = {2012}}

@article{massetti2017morphological,
	author = {Massetti, Federico and Gomes, Ver{\'o}nica and Perera, Ana and Rato, Catarina and Kaliontzopoulou, Antigoni},
	date-added = {2021-05-12 15:32:19 +0100},
	date-modified = {2021-05-12 15:32:19 +0100},
	journal = {Biological Journal of the Linnean Society},
	number = {1},
	pages = {197--209},
	publisher = {Oxford University Press UK},
	title = {Morphological and functional implications of sexual size dimorphism in the Moorish gecko, \textit{Tarentola mauritanica}},
	volume = {122},
	year = {2017}}

@incollection{lucas1984chewing,
	author = {Lucas, PW and Luke, DA},
	booktitle = {Food acquisition and processing in primates},
	date-added = {2021-05-12 15:31:53 +0100},
	date-modified = {2021-05-12 15:31:53 +0100},
	pages = {283--301},
	publisher = {Springer},
	title = {Chewing it over: basic principles of food breakdown},
	year = {1984}}

@article{losos2002cautionary,
	author = {Losos, Jonathan B and Creer, Douglas A and Schulte, James A},
	date-added = {2021-05-12 15:31:38 +0100},
	date-modified = {2021-05-12 15:31:38 +0100},
	journal = {Journal of Zoology},
	number = {1},
	pages = {57--61},
	publisher = {Wiley Online Library},
	title = {Cautionary comments on the measurement of maximum locomotor capabilities},
	volume = {258},
	year = {2002}}

@article{lopez2015sex,
	author = {Lopez-Darias, Marta and Vanhooydonck, Bieke and Cornette, Raphael and Herrel, Anthony},
	date-added = {2021-05-12 15:31:17 +0100},
	date-modified = {2021-05-12 15:31:17 +0100},
	journal = {Functional Ecology},
	number = {4},
	pages = {506--514},
	publisher = {Wiley Online Library},
	title = {Sex-specific differences in ecomorphological relationships in lizards of the genus \textit{Gallotia}},
	volume = {29},
	year = {2015}}

@article{lappin2017bite,
	author = {Lappin, A Kristopher and Wilcox, Sean C and Moriarty, David J and Stoeppler, Stephanie AR and Evans, Susan E and Jones, Marc EH},
	date-added = {2021-05-12 15:30:59 +0100},
	date-modified = {2021-05-12 15:30:59 +0100},
	journal = {Scientific reports},
	number = {1},
	pages = {1--10},
	publisher = {Nature Publishing Group},
	title = {Bite force in the horned frog (\textit{Ceratophrys cranwelli}) with implications for extinct giant frogs},
	volume = {7},
	year = {2017}}

@article{lappin2005weapon,
	author = {Lappin, A Kristopher and Husak, Jerry F},
	date-added = {2021-05-12 15:30:44 +0100},
	date-modified = {2021-05-12 15:30:44 +0100},
	journal = {The American Naturalist},
	number = {3},
	pages = {426--436},
	publisher = {The University of Chicago Press},
	title = {Weapon performance, not size, determines mating success and potential reproductive output in the collared lizard (\textit{Crotaphytus collaris})},
	volume = {166},
	year = {2005}}

@article{lappin2006biteB,
	author = {Lappin, A Kristopher and Hamilton, Paul S and Sullivan, Brian K},
	date-added = {2021-05-12 15:30:27 +0100},
	date-modified = {2021-05-12 16:42:25 +0100},
	journal = {Biological Journal of the Linnean Society},
	number = {2},
	pages = {215--222},
	publisher = {Oxford University Press},
	title = {Bite-force performance and head shape in a sexually dimorphic crevice-dwelling lizard, the common chuckwalla [\textit{Sauromalus ater\textit} (= \textit{obesus})]},
	volume = {88},
	year = {2006}}

@article{lappin2014reliable,
	author = {Lappin, A Kristopher and Jones, Marc EH},
	date-added = {2021-05-12 15:30:10 +0100},
	date-modified = {2021-05-12 15:30:10 +0100},
	journal = {Journal of Experimental Biology},
	number = {24},
	pages = {4303--4312},
	publisher = {The Company of Biologists Ltd},
	title = {Reliable quantification of bite-force performance requires use of appropriate biting substrate and standardization of bite out-lever},
	volume = {217},
	year = {2014}}

@article{lailvaux2004performance,
	author = {Lailvaux, Simon P and Herrel, Anthony and VanHooydonck, Bieke and Meyers, Jay J and Irschick, Duncan J},
	date-added = {2021-05-12 15:29:54 +0100},
	date-modified = {2021-05-12 15:29:54 +0100},
	journal = {Proceedings of the Royal Society of London. Series B: Biological Sciences},
	number = {1556},
	pages = {2501--2508},
	publisher = {The Royal Society},
	title = {Performance capacity, fighting tactics and the evolution of life--stage male morphs in the green anole lizard (\textit{Anolis carolinensis})},
	volume = {271},
	year = {2004}}

@article{jones2020reproductive,
	author = {Jones, Marc EH and Pistevos, Jennifer CA and Cooper, Natalie and Lappin, A Kristopher and Georges, Arthur and Hutchinson, Mark N and Holleley, Clare E},
	date-added = {2021-05-12 15:29:35 +0100},
	date-modified = {2021-05-12 15:29:35 +0100},
	journal = {Journal of Experimental Zoology Part A: Ecological and Integrative Physiology},
	number = {4},
	pages = {252--263},
	publisher = {Wiley Online Library},
	title = {Reproductive phenotype predicts adult bite-force performance in sex-reversed dragons (\textit{Pogona vitticeps})},
	volume = {333},
	year = {2020}}

@article{jones2012shearing,
	author = {Jones, Marc EH and O'Higgins, Paul and Fagan, Michael J and Evans, Susan E and Curtis, Neil},
	date-added = {2021-05-12 15:29:00 +0100},
	date-modified = {2021-05-12 15:29:11 +0100},
	journal = {The Anatomical Record},
	number = {7},
	pages = {1075--1091},
	publisher = {Wiley Online Library},
	title = {Shearing mechanics and the influence of a flexible symphysis during oral food processing in \textit{Sphenodon} (Lepidosauria: Rhynchocephalia)},
	volume = {295},
	year = {2012}}

@article{jones2008skull,
	author = {Jones, Marc EH},
	date-added = {2021-05-12 15:28:40 +0100},
	date-modified = {2021-05-12 15:28:40 +0100},
	journal = {Journal of Morphology},
	number = {8},
	pages = {945--966},
	publisher = {Wiley Online Library},
	title = {Skull shape and feeding strategy in \textit{Sphenodon} and other Rhynchocephalia (Diapsida: Lepidosauria)},
	volume = {269},
	year = {2008}}

@article{huyghe2005morphology,
	author = {Huyghe, K and Vanhooydonck, B and Scheers, H and Molina-Borja, M and Van Damme, R},
	date-added = {2021-05-12 15:27:39 +0100},
	date-modified = {2021-05-12 15:27:39 +0100},
	journal = {Functional Ecology},
	number = {5},
	pages = {800--807},
	publisher = {Wiley Online Library},
	title = {Morphology, performance and fighting capacity in male lizards, \textit{Gallotia galloti}},
	volume = {19},
	year = {2005}}

@article{husak2009fitness,
	author = {Husak, Jerry F and Lappin, A Kristopher and Van Den Bussche, Ronald A},
	date-added = {2021-05-12 15:27:19 +0100},
	date-modified = {2021-05-12 15:27:19 +0100},
	journal = {Biological Journal of the Linnean Society},
	number = {4},
	pages = {840--845},
	publisher = {Oxford University Press},
	title = {The fitness advantage of a high-performance weapon},
	volume = {96},
	year = {2009}}

@article{husak2006bite,
	author = {Husak, Jerry F and Kristopher Lappin, A and Fox, Stanley F and Lemos-Espinal, Julio A},
	date-added = {2021-05-12 15:26:59 +0100},
	date-modified = {2021-05-12 15:26:59 +0100},
	journal = {Copeia},
	number = {2},
	pages = {301--306},
	title = {Bite-force performance predicts dominance in male venerable collared lizards (\textit{Crotaphytus antiquus})},
	volume = {2006},
	year = {2006}}

@article{huber2005analysis,
	author = {Huber, Daniel R and Eason, Thomas G and Hueter, Robert E and Motta, Philip J},
	date-added = {2021-05-12 15:26:43 +0100},
	date-modified = {2021-05-12 15:26:43 +0100},
	journal = {Journal of Experimental Biology},
	number = {18},
	pages = {3553--3571},
	publisher = {The Company of Biologists Ltd},
	title = {Analysis of the bite force and mechanical design of the feeding mechanism of the durophagous horn shark \textit{Heterodontus francisci}},
	volume = {208},
	year = {2005}}

@article{hipsley2017developmental,
	author = {Hipsley, Christy A and M{\"u}ller, Johannes},
	date-added = {2021-05-12 15:26:10 +0100},
	date-modified = {2021-05-12 15:26:10 +0100},
	journal = {Evolution},
	number = {4},
	pages = {936--948},
	publisher = {Wiley Online Library},
	title = {Developmental dynamics of ecomorphological convergence in a transcontinental lizard radiation},
	volume = {71},
	year = {2017}}

@article{hertz1988time,
	author = {Hertz, Paul E and Huey, Raymond B and Garland Jr, Theodore},
	date-added = {2021-05-12 15:25:24 +0100},
	date-modified = {2021-05-12 15:25:24 +0100},
	journal = {American Zoologist},
	number = {3},
	pages = {927--938},
	publisher = {Oxford University Press UK},
	title = {Time budgets, thermoregulation, and maximal locomotor performance: are reptiles Olympians or Boy Scouts?},
	volume = {28},
	year = {1988}}

@article{herrel2014does,
	author = {Herrel, A and Castilla, AM and Al-Sulaiti, MK and Wessels, JJ},
	date-added = {2021-05-12 15:25:09 +0100},
	date-modified = {2021-05-12 15:25:09 +0100},
	journal = {Journal of Zoology},
	number = {3},
	pages = {170--174},
	publisher = {Wiley Online Library},
	title = {Does large body size relax constraints on bite-force generation in lizards of the genus \textit{Uromastyx}?},
	volume = {292},
	year = {2014}}

@article{herrel1999morphology,
	author = {Herrel, Anthony and Aerts, Peter and Fret, Jeannine and De Vree, Frits},
	date-added = {2021-05-12 15:24:52 +0100},
	date-modified = {2021-05-12 15:24:52 +0100},
	journal = {The Anatomical Record},
	number = {4},
	pages = {496--507},
	publisher = {Wiley Online Library},
	title = {Morphology of the feeding system in agamid lizards: ecological correlates},
	volume = {254},
	year = {1999}}

@article{herrel2006ecological,
	author = {Herrel, Anthony and Joachim, Rebecca and Vanhooydonck, Bieke and Irschick, Duncan J},
	date-added = {2021-05-12 15:24:35 +0100},
	date-modified = {2021-05-12 15:24:35 +0100},
	journal = {Biological Journal of the Linnean Society},
	number = {3},
	pages = {443--454},
	publisher = {Oxford University Press},
	title = {Ecological consequences of ontogenetic changes in head shape and bite performance in the Jamaican lizard \textit{Anolis lineatopus}},
	volume = {89},
	year = {2006}}

@article{herrel2004omnivory,
	author = {Herrel, A and Vanhooydonck, B and Van Damme, R},
	date-added = {2021-05-12 15:23:55 +0100},
	date-modified = {2021-05-12 15:23:55 +0100},
	journal = {Journal of Evolutionary Biology},
	number = {5},
	pages = {974--984},
	publisher = {Wiley Online Library},
	title = {Omnivory in lacertid lizards: adaptive evolution or constraint?},
	volume = {17},
	year = {2004}}

@article{van2006seed,
	author = {Van der Meij, MAA and Bout, RG},
	date-added = {2021-05-12 15:23:32 +0100},
	date-modified = {2021-05-12 15:23:32 +0100},
	journal = {Journal of Experimental Biology},
	number = {17},
	pages = {3329--3335},
	publisher = {The Company of Biologists Ltd},
	title = {Seed husking time and maximal bite force in finches},
	volume = {209},
	year = {2006}}

@article{herrel1999sexual,
	author = {Herrel, A and Spithoven, L and Van Damme, R and De Vree, F},
	date-added = {2021-05-12 15:23:15 +0100},
	date-modified = {2021-05-12 15:23:15 +0100},
	journal = {Functional Ecology},
	number = {3},
	pages = {289--297},
	publisher = {Wiley Online Library},
	title = {Sexual dimorphism of head size in \textit{Gallotia galloti}: testing the niche divergence hypothesis by functional analyses},
	volume = {13},
	year = {1999}}

@misc{haas1973muscles,
	author = {Haas, G},
	date-added = {2021-05-12 15:22:45 +0100},
	date-modified = {2021-05-12 15:22:45 +0100},
	publisher = {New York, NY: Academic Press},
	title = {Muscles of the jaws and associated structures in the Rhynchocephalia and Squamata. Biology of the Reptilia, vol. 4},
	year = {1973}}

@article{groning2013importance,
	author = {Gr{\"o}ning, Flora and Jones, Marc EH and Curtis, Neil and Herrel, Anthony and O'Higgins, Paul and Evans, Susan E and Fagan, Michael J},
	date-added = {2021-05-12 15:22:19 +0100},
	date-modified = {2021-05-12 15:22:19 +0100},
	journal = {Journal of the Royal Society Interface},
	number = {84},
	pages = {20130216},
	publisher = {The Royal Society},
	title = {The importance of accurate muscle modelling for biomechanical analyses: a case study with a lizard skull},
	volume = {10},
	year = {2013}}

@article{gray2019changes,
	author = {Gray, Jaimi A and Sherratt, Emma and Hutchinson, Mark N and Jones, Marc EH},
	date-added = {2021-05-12 15:21:56 +0100},
	date-modified = {2021-05-12 15:21:56 +0100},
	journal = {BMC Evolutionary Biology},
	number = {1},
	pages = {1--10},
	publisher = {Springer},
	title = {Changes in ontogenetic patterns facilitate diversification in skull shape of Australian agamid lizards},
	volume = {19},
	year = {2019}}

@article{gray2019evolution,
	author = {Gray, Jaimi A and Sherratt, Emma and Hutchinson, Mark N and Jones, Marc EH},
	date-added = {2021-05-12 15:20:35 +0100},
	date-modified = {2021-05-12 15:20:35 +0100},
	journal = {Evolution},
	number = {11},
	pages = {2216--2229},
	publisher = {Wiley Online Library},
	title = {Evolution of cranial shape in a continental-scale evolutionary radiation of Australian lizards},
	volume = {73},
	year = {2019}}

@article{erickson2003ontogeny,
	author = {Erickson, Gregory M and Lappin, A Kristopher and Vliet, Kent A},
	date-added = {2021-05-12 15:20:01 +0100},
	date-modified = {2021-05-12 15:20:01 +0100},
	journal = {Journal of Zoology},
	number = {3},
	pages = {317--327},
	publisher = {Wiley Online Library},
	title = {The ontogeny of bite-force performance in American alligator (\textit{Alligator mississippiensis})},
	volume = {260},
	year = {2003}}

@article{erickson2004comparison,
	author = {Erickson, Gregory M and Lappin, A Kristopher and Parker, Trevor and Vliet, Kent A},
	date-added = {2021-05-12 15:19:44 +0100},
	date-modified = {2021-05-12 15:19:44 +0100},
	journal = {Journal of Zoology},
	number = {1},
	pages = {21--28},
	publisher = {Wiley Online Library},
	title = {Comparison of bite-force performance between long-term captive and wild American alligators (\textit{Alligator mississippiensis})},
	volume = {262},
	year = {2004}}

@article{erickson2014comparative,
	author = {Erickson, GM and Gignac, PM and Lappin, AK and Vliet, KA and Brueggen, JD and Webb, GJW},
	date-added = {2021-05-12 15:19:28 +0100},
	date-modified = {2021-05-12 15:19:28 +0100},
	journal = {Journal of Zoology},
	number = {1},
	pages = {48--55},
	publisher = {Wiley Online Library},
	title = {A comparative analysis of ontogenetic bite-force scaling among Crocodylia},
	volume = {292},
	year = {2014}}

@article{dufour2018ecological,
	author = {Dufour, Claire MS and Herrel, Anthony and Losos, Jonathan B},
	date-added = {2021-05-12 15:19:10 +0100},
	date-modified = {2021-05-12 15:19:10 +0100},
	journal = {Biological Journal of the Linnean Society},
	number = {1},
	pages = {43--54},
	publisher = {Oxford University Press UK},
	title = {Ecological character displacement between a native and an introduced species: the invasion of \textit{Anolis cristatellus} in Dominica},
	volume = {123},
	year = {2018}}

@article{dessem1992jaw,
	author = {Dessem, Dean and Druzinsky, Robert E},
	date-added = {2021-05-12 15:18:32 +0100},
	date-modified = {2021-05-12 15:18:32 +0100},
	journal = {Journal of Morphology},
	number = {2},
	pages = {275--286},
	publisher = {Wiley Online Library},
	title = {Jaw-muscle activity in ferrets, \textit{Mustela putorius furo}},
	volume = {213},
	year = {1992}}

@article{d2018increasing,
	author = {{D'Amore}, Domenic Corvasce and Meadows, David and Clulow, Simon and Doody, Jeremiah Sean and Rhind, David and McHenry, Colin},
	date-added = {2021-05-12 15:18:12 +0100},
	date-modified = {2021-05-12 15:18:12 +0100},
	journal = {Herpetology Notes},
	pages = {179--187},
	title = {Increasing dietary breadth through allometry: bite forces in sympatric Australian skinks},
	volume = {11},
	year = {2018}}

@article{daza2011jaw,
	author = {Daza, Juan Diego and Diogo, Rui and Johnston, Peter and Abdala, Virginia},
	date-added = {2021-05-12 15:17:44 +0100},
	date-modified = {2021-05-12 15:17:44 +0100},
	journal = {The Anatomical Record},
	number = {10},
	pages = {1765--1782},
	publisher = {Wiley Online Library},
	title = {Jaw adductor muscles across lepidosaurs: a reappraisal},
	volume = {294},
	year = {2011}}

@article{dalrymple1979jaw,
	author = {Dalrymple, George H},
	date-added = {2021-05-12 15:17:17 +0100},
	date-modified = {2021-05-12 15:17:17 +0100},
	journal = {Journal of Herpetology},
	pages = {303--311},
	publisher = {JSTOR},
	title = {On the jaw mechanism of the snail-crushing lizards, \textit{Dracaena} Daudin 1802 (Reptilia, Lacertilia, Teiidae)},
	year = {1979}}

@article{cooper2002distribution,
	author = {Cooper Jr, William E and Vitt, Laurie J},
	date-added = {2021-05-12 15:16:57 +0100},
	date-modified = {2021-05-12 15:16:57 +0100},
	journal = {Journal of Zoology},
	number = {4},
	pages = {487--517},
	publisher = {Wiley Online Library},
	title = {Distribution, extent, and evolution of plant consumption by lizards},
	volume = {257},
	year = {2002}}

@article{colli1998new,
	author = {Colli, Guarino R and Peres Jr, Ayrton K and da Cunha, H{\'e}lio J},
	date-added = {2021-05-12 15:16:03 +0100},
	date-modified = {2021-05-12 15:16:03 +0100},
	journal = {Herpetologica},
	pages = {477--492},
	publisher = {JSTOR},
	title = {A new species of \textit{Tupinambis} (Squamata: Teiidae) from central Brazil, with an analysis of morphological and genetic variation in the genus},
	year = {1998}}

@article{burbrink2020interrogating,
	author = {Burbrink, Frank T and Grazziotin, Felipe G and Pyron, R Alexander and Cundall, David and Donnellan, Steve and Irish, Frances and Keogh, J Scott and Kraus, Fred and Murphy, Robert W and Noonan, Brice and others},
	date-added = {2021-05-12 15:15:44 +0100},
	date-modified = {2021-05-12 15:15:44 +0100},
	journal = {Systematic Biology},
	number = {3},
	pages = {502--520},
	publisher = {Oxford University Press},
	title = {Interrogating genomic-scale data for Squamata (lizards, snakes, and amphisbaenians) shows no support for key traditional morphological relationships},
	volume = {69},
	year = {2020}}

@article{broeckhoven2014under,
	author = {Broeckhoven, Chris and Mouton, P le Fras N},
	date-added = {2021-05-12 15:14:19 +0100},
	date-modified = {2021-05-12 15:14:19 +0100},
	journal = {Biological Journal of the Linnean Society},
	number = {4},
	pages = {823--833},
	publisher = {Oxford University Press},
	title = {Under pressure: morphological and ecological correlates of bite force in the rock-dwelling lizards \textit{Ouroborus cataphractus} and \textit{Karusasaurus polyzonus} (Squamata: Cordylidae)},
	volume = {111},
	year = {2014}}

@article{bertin2018current,
	author = {Bertin, Thomas JC and Thivichon-Prince, B{\'e}atrice and LeBlanc, Aaron RH and Caldwell, Michael W and Viriot, Laurent},
	date-added = {2021-05-12 15:11:12 +0100},
	date-modified = {2021-05-12 15:11:17 +0100},
	journal = {Frontiers in Physiology},
	pages = {1630},
	publisher = {Frontiers},
	title = {Current perspectives on tooth implantation, attachment, and replacement in Amniota},
	volume = {9},
	year = {2018}}

@article{becerra2013biting,
	author = {Becerra, Federico and Casinos, Adri{\`a} and Vassallo, Aldo Iv{\'a}n},
	date-added = {2021-05-12 15:10:32 +0100},
	date-modified = {2021-05-12 15:10:32 +0100},
	journal = {Journal of Experimental Zoology Part A: Ecological Genetics and Physiology},
	number = {2},
	pages = {74--85},
	publisher = {Wiley Online Library},
	title = {Biting performance and skull biomechanics of a chisel tooth digging rodent (\textit{Ctenomys tuconax}; Caviomorpha; Octodontoidea)},
	volume = {319},
	year = {2013}}

@article{becerra2011bite,
	author = {Becerra, Federico and Echeverr{\'\i}a, Alejandra and Vassallo, Aldo Iv{\'a}n and Casinos, Adri{\`a}},
	date-added = {2021-05-12 15:07:45 +0100},
	date-modified = {2021-05-12 15:07:45 +0100},
	journal = {Canadian Journal of Zoology},
	number = {4},
	pages = {334--342},
	publisher = {NRC Research Press},
	title = {Bite force and jaw biomechanics in the subterranean rodent Talas tuco-tuco (\textit{Ctenomys talarum})(Caviomorpha: Octodontoidea)},
	volume = {89},
	year = {2011}}

@article{baxter2019street,
	author = {Baxter-Gilbert, James H and Whiting, Martin J},
	date-added = {2021-05-12 15:03:48 +0100},
	date-modified = {2021-05-12 15:18:43 +0100},
	journal = {Austral Ecology},
	number = {2},
	pages = {255--264},
	publisher = {Wiley Online Library},
	title = {Street fighters: bite force, injury rates, and density of urban Australian water dragons (\textit{Intellagama lesueurii})},
	volume = {44},
	year = {2019}}

@article{bamman2000evaluation,
	author = {Bamman, MARCAS M and Newcomer, BRADLEY R and Larson-Meyer, D ENETTE and Weinsier, ROLAND L and Hunter, GARY R},
	date-added = {2021-05-12 15:02:57 +0100},
	date-modified = {2021-05-12 15:04:01 +0100},
	journal = {Medicine and Science in Sports and Exercise},
	number = {7},
	pages = {1307--1313},
	title = {Evaluation of the strength-size relationship in vivo using various muscle size indices},
	volume = {32},
	year = {2000}}

@article{anderson2008bite,
	author = {Anderson, Roger A and McBrayer, Lance D and Herrel, Anthony},
	date-added = {2021-05-12 15:02:36 +0100},
	date-modified = {2021-05-12 15:02:36 +0100},
	journal = {Biological Journal of the Linnean Society},
	number = {4},
	pages = {709--720},
	publisher = {Oxford University Press},
	title = {Bite force in vertebrates: opportunities and caveats for use of a nonpareil whole-animal performance measure},
	volume = {93},
	year = {2008}}

@article{aguirre2002ecomorphological,
	author = {Aguirre, Luis F and Herrel, Anthony and Van Damme, R and Matthysen, E},
	date-added = {2021-05-12 15:02:11 +0100},
	date-modified = {2021-05-12 15:02:11 +0100},
	journal = {Proceedings of the Royal Society of London. Series B: Biological Sciences},
	number = {1497},
	pages = {1271--1278},
	publisher = {The Royal Society},
	title = {Ecomorphological analysis of trophic niche partitioning in a tropical savannah bat community},
	volume = {269},
	year = {2002}}

@manual{R-Core-Team:2020,
	address = {Vienna, Austria},
	author = {{R Core Team}},
	organization = {R Foundation for Statistical Computing},
	title = {R: A Language and Environment for Statistical Computing},
	url = {http://www.R-project.org/},
	year = {2020},
	Bdsk-Url-1 = {http://www.R-project.org/}}

@book{harvey1991comparative,
	author = {Harvey, Paul H and Pagel, Mark},
	date-added = {2014-05-22 16:02:15 +0000},
	date-modified = {2015-10-12 10:45:29 +0000},
	publisher = {Oxford University Press, Oxford},
	title = {The Comparative Method in Evolutionary Biology},
	year = {1991}}
